%% This BibTeX bibliography file was created using BibDesk.
%% http://bibdesk.sourceforge.net/

%% Created for Mitchell Soderberg at 2016-04-26 15:01:56 -0400 


%% Saved with string encoding Unicode (UTF-8) 

%miniboone (the experiment nu and nubar electron appearance)
@article{AguilarArevalo:2009xn,
      author         = "Aguilar-Arevalo, A. A. and others",
      title          = "{A Search for Electron Antineutrino Appearance at the
                        $\Delta m^2 \sim$ 1 $\mathrm{eV}^{2}$ Scale}",
      collaboration  = "MiniBooNE",
      journal        = "Phys. Rev. Lett.",
      volume         = "103",
      year           = "2009",
      pages          = "111801",
      doi            = "10.1103/PhysRevLett.103.111801",
      eprint         = "0904.1958",
      archivePrefix  = "arXiv",
      primaryClass   = "hep-ex",
      reportNumber   = "FERMILAB-PUB-09-446-PPD",
      SLACcitation   = "%%CITATION = ARXIV:0904.1958;%%"
}

@article{AguilarArevalo:2008rc,
      author         = "Aguilar-Arevalo, A. A. and others",
      title          = "{Unexplained Excess of Electron-Like Events From a 1-GeV
                        Neutrino Beam}",
      collaboration  = "MiniBooNE",
      journal        = "Phys. Rev. Lett.",
      volume         = "102",
      year           = "2009",
      pages          = "101802",
      doi            = "10.1103/PhysRevLett.102.101802",
      eprint         = "0812.2243",
      archivePrefix  = "arXiv",
      primaryClass   = "hep-ex",
      reportNumber   = "FERMILAB-PUB-08-570, LA-UR-08-07142",
      SLACcitation   = "%%CITATION = ARXIV:0812.2243;%%"
}



%reactor anomaly (re-analysis of the flux)
\bibitem{react} Physical Review C, {\bf 83:054615}; Physical Review C, {\bf 84:024617} 2011

%gallexSage (analysis of calibration data)
\bibitem{GallexSage} W.~Hampel {\it et al.}  [GALLEX Collaboration], ``Final results of the Cr-51 neutrino source experiments in GALLEX,''  Phys.\ Lett.\ B {\bf 420}, 114 (1998). , J.~N.~Abdurashitov {\it et al.}  [SAGE Collaboration],  ``Measurement of the response of the Russian-American gallium experiment to neutrinos from a Cr-51 source,'' Phys.\ Rev.\ C {\bf 59}, 2246 (1999)
  [hep-ph/9803418].
  %%CITATION = HEP-PH/9803418;%%

%solar (PDG?)


%sbnd (experiment)
@article{Antonello:2015lea,
      author         = "Antonello, M. and others",
      title          = "{A Proposal for a Three Detector Short-Baseline Neutrino
                        Oscillation Program in the Fermilab Booster Neutrino
                        Beam}",
      collaboration  = "LAr1-ND, ICARUS-WA104, MicroBooNE",
      year           = "2015",
      eprint         = "1503.01520",
      archivePrefix  = "arXiv",
      primaryClass   = "physics.ins-det",
      SLACcitation   = "%%CITATION = ARXIV:1503.01520;%%"
}

% ICARUS (experiment)
Reference can be removed or moved up to the existing T600 paper (Amerio.....)
%NuMI flux at BNB


Can someone else weight in on these?  Some I could dig up others would be harder....
%Bagby:2014-resistortests
%HVCpaper
%reference_resistor_paper}
%surge_protection_paper
%PSL (wire tension measurements plucking wires and using spectrum analyzer)
%ElmaClean (cleaner for G-10)
%Katori:2013wqa
%Chiu:2012ju,Baptista:2012bf
%Benthesis
%HOMeyer
%Stycast (epoxy on feedthrough)
%refasic (test results for CMOS ASIC)
%Ganglia 


These are missing above





@article{Bellamy:1994bv,
	Author = {Bellamy, E. H. and Bellettini, G. and Gervelli, F. and Incagli, M. and Lucchesi, D. and Pagliarone, C. and Zetti, F. and Budagov, {\relax Yu}. and Chirikov-Zorin, I. and Tokar, S.},
	Date-Added = {2016-04-26 18:48:26 +0000},
	Date-Modified = {2016-04-26 18:48:26 +0000},
	Doi = {10.1016/0168-9002(94)90183-X},
	Journal = {Nucl. Instrum. Meth.},
	Pages = {468-476},
	Slaccitation = {%%CITATION = NUIMA,A339,468;%%},
	Title = {{Absolute calibration and monitoring of a spectrometric channel using a photomultiplier}},
	Volume = {A339},
	Year = {1994},
	Bdsk-Url-1 = {http://dx.doi.org/10.1016/0168-9002(94)90183-X}}

@article{Meyer:2008qb,
	Archiveprefix = {arXiv},
	Author = {Meyer, H. O.},
	Date-Added = {2016-04-26 18:48:26 +0000},
	Date-Modified = {2016-04-26 18:48:26 +0000},
	Eprint = {0805.0771},
	Primaryclass = {nucl-ex},
	Slaccitation = {%%CITATION = ARXIV:0805.0771;%%},
	Title = {{Dark Rate of a Photomultiplier at Cryogenic Temperatures}},
	Year = {2008}}

@article{Bugel:2011xg,
	Archiveprefix = {arXiv},
	Author = {Bugel, L. and Conrad, J. M. and Ignarra, C. and Jones, B. J. P. and Katori, T. and Smidt, T. and Tanaka, H. -K.},
	Date-Added = {2016-04-26 18:48:26 +0000},
	Date-Modified = {2016-04-26 18:48:26 +0000},
	Doi = {10.1016/j.nima.2011.03.003},
	Eprint = {1101.3013},
	Journal = {Nucl. Instrum. Meth.},
	Pages = {69-75},
	Primaryclass = {physics.ins-det},
	Slaccitation = {%%CITATION = ARXIV:1101.3013;%%},
	Title = {{Demonstration of a Lightguide Detector for Liquid Argon TPCs}},
	Volume = {A640},
	Year = {2011},
	Bdsk-Url-1 = {http://dx.doi.org/10.1016/j.nima.2011.03.003}}

@article{Katori:2011uq,
	Archiveprefix = {arXiv},
	Author = {Katori, Teppei},
	Booktitle = {{Proceedings, 7th International Workshop on Neutrino-nucleus interactions in the few GeV region (NUINT 11)}},
	Collaboration = {MicroBooNE},
	Date-Added = {2016-04-26 18:48:26 +0000},
	Date-Modified = {2016-04-26 18:48:26 +0000},
	Doi = {10.1063/1.3661595},
	Eprint = {1107.5112},
	Journal = {AIP Conf. Proc.},
	Pages = {250-255},
	Primaryclass = {hep-ex},
	Reportnumber = {FERMILAB-CONF-11-355-E-PPD},
	Slaccitation = {%%CITATION = ARXIV:1107.5112;%%},
	Title = {{MicroBooNE, A Liquid Argon Time Projection Chamber (LArTPC) Neutrino Experiment}},
	Volume = {1405},
	Year = {2011},
	Bdsk-Url-1 = {http://dx.doi.org/10.1063/1.3661595}}

@article{Briese:2013wua,
	Archiveprefix = {arXiv},
	Author = {Briese, T. and Bugel, L. and Conrad, J.M. and Fournier, M. and Ignarra, C. and others},
	Date-Added = {2016-04-26 18:48:26 +0000},
	Date-Modified = {2016-04-26 18:48:26 +0000},
	Doi = {10.1088/1748-0221/8/07/T07005},
	Eprint = {1304.0821},
	Journal = {JINST},
	Pages = {T07005},
	Primaryclass = {physics.ins-det},
	Slaccitation = {%%CITATION = ARXIV:1304.0821;%%},
	Title = {{Testing of Cryogenic Photomultiplier Tubes for the MicroBooNE Experiment}},
	Volume = {8},
	Year = {2013},
	Bdsk-Url-1 = {http://dx.doi.org/10.1088/1748-0221/8/07/T07005}}

@article{Jones:2013bca,
	Archiveprefix = {arXiv},
	Author = {Jones, B.J.P. and Chiu, C.S. and Conrad, J.M. and Ignarra, C.M. and Katori, T. and others},
	Date-Added = {2016-04-26 18:48:26 +0000},
	Date-Modified = {2016-04-26 18:48:26 +0000},
	Doi = {10.1088/1748-0221/8/07/P07011, 10.1088/1748-0221/8/09/E09001},
	Eprint = {1306.4605},
	Journal = {JINST},
	Pages = {P07011},
	Primaryclass = {physics.ins-det},
	Reportnumber = {FERMILAB-PUB-13-213-E},
	Slaccitation = {%%CITATION = ARXIV:1306.4605;%%},
	Title = {{A Measurement of the Absorption of Liquid Argon Scintillation Light by Dissolved Nitrogen at the Part-Per-Million Level}},
	Volume = {8},
	Year = {2013},
	Bdsk-Url-1 = {http://dx.doi.org/10.1088/1748-0221/8/07/P07011,%2010.1088/1748-0221/8/09/E09001}}

@article{Jones:2013mfa,
	Archiveprefix = {arXiv},
	Author = {Jones, B.J.P. and Alexander, T. and Back, H.O. and Collin, G. and Conrad, J.M. and others},
	Date-Added = {2016-04-26 18:48:26 +0000},
	Date-Modified = {2016-04-26 18:48:26 +0000},
	Doi = {10.1088/1748-0221/8/12/P12015},
	Eprint = {1308.3658},
	Journal = {JINST},
	Pages = {P12015},
	Primaryclass = {physics.ins-det},
	Reportnumber = {FERMILAB-PUB-13-325-E-PPD},
	Slaccitation = {%%CITATION = ARXIV:1308.3658;%%},
	Title = {{The Effects of Dissolved Methane upon Liquid Argon Scintillation Light}},
	Volume = {8},
	Year = {2013},
	Bdsk-Url-1 = {http://dx.doi.org/10.1088/1748-0221/8/12/P12015}}

@article{Katori:2013wqa,
	Archiveprefix = {arXiv},
	Author = {Katori, Teppei},
	Collaboration = {MicroBooNE},
	Date-Added = {2016-04-26 18:48:26 +0000},
	Date-Modified = {2016-04-26 18:48:26 +0000},
	Doi = {10.1088/1748-0221/8/10/C10011},
	Eprint = {1307.5256},
	Journal = {JINST},
	Pages = {C10011},
	Primaryclass = {physics.ins-det},
	Slaccitation = {%%CITATION = ARXIV:1307.5256;%%},
	Title = {{The MicroBooNE light collection system}},
	Volume = {8},
	Year = {2013},
	Bdsk-Url-1 = {http://dx.doi.org/10.1088/1748-0221/8/10/C10011}}

@article{Bromberg:2013fla,
	Archiveprefix = {arXiv},
	Author = {Baller, B. and Buchanan, N. and Cavanna, F. and Chen, H. and Church, E. and others},
	Date-Added = {2016-04-26 18:48:26 +0000},
	Date-Modified = {2016-04-26 18:48:26 +0000},
	Doi = {10.1088/1748-0221/9/05/T05005},
	Eprint = {1307.8166},
	Journal = {JINST},
	Pages = {T05005},
	Primaryclass = {physics.ins-det},
	Reportnumber = {FERMILAB-CONF-13-257-E},
	Slaccitation = {%%CITATION = ARXIV:1307.8166;%%},
	Title = {{Liquid Argon Time Projection Chamber Research and Development in the United States}},
	Volume = {9},
	Year = {2014},
	Bdsk-Url-1 = {http://dx.doi.org/10.1088/1748-0221/9/05/T05005}}

@article{Moss:2014ota,
	Archiveprefix = {arXiv},
	Author = {Moss, Z. and Bugel, L. and Collin, G. and Conrad, J.M. and Jones, B.J.P. and others},
	Date-Added = {2016-04-26 18:48:26 +0000},
	Date-Modified = {2016-04-26 18:48:26 +0000},
	Eprint = {1410.6256},
	Primaryclass = {physics.ins-det},
	Slaccitation = {%%CITATION = ARXIV:1410.6256;%%},
	Title = {{Improved TPB-coated Light Guides for Liquid Argon TPC Light Detection Systems}},
	Year = {2014}}

@article{Conrad:2015xta,
	Archiveprefix = {arXiv},
	Author = {Conrad, J. and Jones, B.J.P. and Moss, Z. and Strauss, T. and Toups, M.},
	Collaboration = {MicroBooNE},
	Date-Added = {2016-04-26 18:48:26 +0000},
	Date-Modified = {2016-04-26 18:48:26 +0000},
	Doi = {10.1088/1748-0221/10/06/T06001},
	Eprint = {1502.04159},
	Journal = {JINST},
	Number = {06},
	Pages = {T06001},
	Primaryclass = {physics.ins-det},
	Reportnumber = {FERMILAB-PUB-15-036-ND},
	Slaccitation = {%%CITATION = ARXIV:1502.04159;%%},
	Title = {{The Photomultiplier Tube Calibration System of the MicroBooNE Experiment}},
	Volume = {10},
	Year = {2015},
	Bdsk-Url-1 = {http://dx.doi.org/10.1088/1748-0221/10/06/T06001}}

@article{Acciarri:2015hha,
	Archiveprefix = {arXiv},
	Author = {Acciarri, R. and Adamowski, M. and Artrip, D. and Baller, B. and Bromberg, C. and others},
	Date-Added = {2016-04-26 18:48:26 +0000},
	Date-Modified = {2016-04-26 18:48:26 +0000},
	Eprint = {1504.05608},
	Primaryclass = {physics.ins-det},
	Reportnumber = {FERMILAB-CONF-15-149-ND},
	Slaccitation = {%%CITATION = ARXIV:1504.05608;%%},
	Title = {{Summary of the Second Workshop on Liquid Argon Time Projection Chamber Research and Development in the United States}},
	Year = {2015}}

@article{Moss:2015hha,
	Archiveprefix = {arXiv},
	Author = {Moss, Z. and Toups, M. and Bugel, L. and Collin, G.H. and Conrad, J.M.},
	Date-Added = {2016-04-26 18:48:26 +0000},
	Date-Modified = {2016-04-26 18:48:26 +0000},
	Eprint = {1507.01997},
	Primaryclass = {physics.ins-det},
	Slaccitation = {%%CITATION = ARXIV:1507.01997;%%},
	Title = {{Anode-Coupled Readout for Light Collection in Liquid Argon TPCs}},
	Year = {2015}}

@article{MeyerDark,
	Author = {Meyer, H.O.},
	Date-Added = {2016-04-26 18:48:26 +0000},
	Date-Modified = {2016-04-26 18:48:26 +0000},
	Doi = {10.1209/0295-5075/89/58001},
	Journal = {EPL},
	Number = {89},
	Pages = {58001},
	Title = {{Spontaneous electron emission from a cold surface}},
	Year = {2010},
	Bdsk-Url-1 = {http://dx.doi.org/10.1209/0295-5075/89/58001}}

@article{HamamatsuBook,
	Author = {{Hamamatsu Photonics}},
	Date-Added = {2016-04-26 18:48:26 +0000},
	Date-Modified = {2016-04-26 19:01:56 +0000},
	Note = {https://www.hamamatsu.com/resources/pdf/etd/PMT\_handbook\_v3aE.pdf},
	Title = {{Photomultiplier Tubes, Basics and Applications, Third Edition, Chapter 13.9}},
	Year = {2007}}

@article{Doke:1993,
	Author = {Tadayoshi Doke},
	Doi = {http://dx.doi.org/10.1016/0168-9002(93)91423-K},
	Issn = {0168-9002},
	Journal = {Nuclear Instruments and Methods in Physics Research Section A},
	Number = {1},
	Pages = {113 - 118},
	Title = {A historical view on the R\&D for liquid rare gas detectors},
	Url = {http://www.sciencedirect.com/science/article/pii/016890029391423K},
	Volume = {327},
	Year = {1993},
	Bdsk-Url-1 = {http://www.sciencedirect.com/science/article/pii/016890029391423K},
	Bdsk-Url-2 = {http://dx.doi.org/10.1016/0168-9002(93)91423-K}}

@article{Willis:1974,
	Author = {W.J. Willis and V. Radeka},
	Doi = {http://dx.doi.org/10.1016/0029-554X(74)90039-1},
	Issn = {0029-554X},
	Journal = {Nuclear Instruments and Methods},
	Number = {2},
	Pages = {221 - 236},
	Title = {Liquid-argon ionization chambers as total-absorption detectors},
	Url = {http://www.sciencedirect.com/science/article/pii/0029554X74900391},
	Volume = {120},
	Year = {1974},
	Bdsk-Url-1 = {http://www.sciencedirect.com/science/article/pii/0029554X74900391},
	Bdsk-Url-2 = {http://dx.doi.org/10.1016/0029-554X(74)90039-1}}

@techreport{Rubbia:1977,
	Author = {C. Rubbia},
	Institution = {CERN},
	Month = {May},
	Number = {77-8},
	Title = {The Liquid-Argon Time Projection Chamber: A New Concept for Neutrino Detectors},
	Type = {EP Internal Report},
	Year = {1977}}

@article{Aprile:1985,
	Author = {E. Aprile and K.L. Giboni and C. Rubbia},
	Doi = {http://dx.doi.org/10.1016/0168-9002(85)90516-9},
	Issn = {0168-9002},
	Journal = {Nuclear Instruments and Methods in Physics Research Section A: Accelerators, Spectrometers, Detectors and Associated Equipment},
	Number = {1},
	Pages = {62 - 71},
	Title = {A study of ionization electrons drifting large distances in liquid and solid argon},
	Url = {http://www.sciencedirect.com/science/article/pii/0168900285905169},
	Volume = {241},
	Year = {1985},
	Bdsk-Url-1 = {http://www.sciencedirect.com/science/article/pii/0168900285905169},
	Bdsk-Url-2 = {http://dx.doi.org/10.1016/0168-9002(85)90516-9}}

@article{Benetti:1993-3ton,
	Author = {P. Benetti and others},
	Doi = {http://dx.doi.org/10.1016/0168-9002(93)90297-U},
	Issn = {0168-9002},
	Journal = {Nuclear Instruments and Methods in Physics Research Section A: Accelerators, Spectrometers, Detectors and Associated Equipment},
	Number = {3},
	Pages = {395 - 412},
	Title = {A three-ton liquid argon time projection chamber},
	Url = {http://www.sciencedirect.com/science/article/pii/016890029390297U},
	Volume = {332},
	Year = {1993},
	Bdsk-Url-1 = {http://www.sciencedirect.com/science/article/pii/016890029390297U},
	Bdsk-Url-2 = {http://dx.doi.org/10.1016/0168-9002(93)90297-U}}

@article{Cennini:1994-3ton,
	Author = {P. Cennini and others},
	Doi = {http://dx.doi.org/10.1016/0168-9002(94)90996-2},
	Issn = {0168-9002},
	Journal = {Nuclear Instruments and Methods in Physics Research Section A: Accelerators, Spectrometers, Detectors and Associated Equipment},
	Number = {2},
	Pages = {230 - 243},
	Title = {Performance of a three-ton liquid argon time projection chamber},
	Url = {http://www.sciencedirect.com/science/article/pii/0168900294909962},
	Volume = {345},
	Year = {1994},
	Bdsk-Url-1 = {http://www.sciencedirect.com/science/article/pii/0168900294909962},
	Bdsk-Url-2 = {http://dx.doi.org/10.1016/0168-9002(94)90996-2}}

@article{Arneodo:1999-50l,
	Archiveprefix = {arXiv},
	Author = {F. Arneodo and others},
	Eprint = {hep-ex/9812006},
	Primaryclass = {hep-ex},
	Title = {{The ICARUS 50-l LAr TPC in the CERN $\nu$ beam}},
	Year = {1999}}

@article{Amerio:2004-T600,
	Author = {S. Amerio and others},
	Doi = {http://dx.doi.org/10.1016/j.nima.2004.02.044},
	Issn = {0168-9002},
	Journal = {Nuclear Instruments and Methods in Physics Research Section A: Accelerators, Spectrometers, Detectors and Associated Equipment},
	Keywords = {Nucleon decay},
	Number = {3},
	Pages = {329 - 410},
	Title = {Design, construction and tests of the {ICARUS} {T600} detector},
	Url = {http://www.sciencedirect.com/science/article/pii/S0168900204004966},
	Volume = {527},
	Year = {2004},
	Bdsk-Url-1 = {http://www.sciencedirect.com/science/article/pii/S0168900204004966},
	Bdsk-Url-2 = {http://dx.doi.org/10.1016/j.nima.2004.02.044}}

@article{Amoruso:2004-muon,
	Author = {S. Amoruso and others},
	Doi = {10.1140/epjc/s2004-01597-7},
	Issn = {1434-6044},
	Journal = {The European Physical Journal C - Particles and Fields},
	Language = {English},
	Number = {2},
	Pages = {233-241},
	Publisher = {Springer-Verlag},
	Title = {Measurement of the muon decay spectrum with the ICARUS liquid Argon TPC},
	Url = {http://dx.doi.org/10.1140/epjc/s2004-01597-7},
	Volume = {33},
	Year = {2004},
	Bdsk-Url-1 = {http://dx.doi.org/10.1140/epjc/s2004-01597-7}}

@article{Amoruso:2004-electron,
	Author = {S. Amoruso and others},
	Doi = {http://dx.doi.org/10.1016/j.nima.2003.11.423},
	Issn = {0168-9002},
	Journal = {Nuclear Instruments and Methods in Physics Research Section A: Accelerators, Spectrometers, Detectors and Associated Equipment},
	Keywords = {\{TPC\}},
	Number = {3},
	Pages = {275 - 286},
	Title = {Study of electron recombination in liquid argon with the \{ICARUS\} \{TPC\}},
	Url = {http://www.sciencedirect.com/science/article/pii/S0168900204000506},
	Volume = {523},
	Year = {2004},
	Bdsk-Url-1 = {http://www.sciencedirect.com/science/article/pii/S0168900204000506},
	Bdsk-Url-2 = {http://dx.doi.org/10.1016/j.nima.2003.11.423}}

@article{Antonello:2004-cherenkov,
	Author = {M. Antonello and others},
	Doi = {http://dx.doi.org/10.1016/j.nima.2003.08.177},
	Issn = {0168-9002},
	Journal = {Nuclear Instruments and Methods in Physics Research Section A: Accelerators, Spectrometers, Detectors and Associated Equipment},
	Keywords = {Cherenkov light},
	Number = {2--3},
	Pages = {348 - 363},
	Title = {Detection of Cherenkov light emission in liquid argon},
	Url = {http://www.sciencedirect.com/science/article/pii/S0168900203025129},
	Volume = {516},
	Year = {2004},
	Bdsk-Url-1 = {http://www.sciencedirect.com/science/article/pii/S0168900203025129},
	Bdsk-Url-2 = {http://dx.doi.org/10.1016/j.nima.2003.08.177}}

@article{Amoruso:2004-purity,
	Author = {S Amoruso and others},
	Doi = {http://dx.doi.org/10.1016/j.nima.2003.07.043},
	Issn = {0168-9002},
	Journal = {Nuclear Instruments and Methods in Physics Research Section A: Accelerators, Spectrometers, Detectors and Associated Equipment},
	Keywords = {Electron drift velocity},
	Number = {1},
	Pages = {68 - 79},
	Title = {Analysis of the liquid argon purity in the {{ICARUS}} {{T600}} {{TPC}}},
	Url = {http://www.sciencedirect.com/science/article/pii/S0168900203024185},
	Volume = {516},
	Year = {2004},
	Bdsk-Url-1 = {http://www.sciencedirect.com/science/article/pii/S0168900203024185},
	Bdsk-Url-2 = {http://dx.doi.org/10.1016/j.nima.2003.07.043}}

@article{Arneodo:2003-tracks,
	Author = {F. Arneodo and others},
	Doi = {http://dx.doi.org/10.1016/S0168-9002(03)01508-0},
	Issn = {0168-9002},
	Journal = {Nuclear Instruments and Methods in Physics Research Section A: Accelerators, Spectrometers, Detectors and Associated Equipment},
	Keywords = {Elementary particles},
	Number = {3},
	Pages = {287 - 294},
	Title = {Observation of long ionizing tracks with the {{ICARUS}} {{T600}} first half-module},
	Url = {http://www.sciencedirect.com/science/article/pii/S0168900203015080},
	Volume = {508},
	Year = {2003},
	Bdsk-Url-1 = {http://www.sciencedirect.com/science/article/pii/S0168900203015080},
	Bdsk-Url-2 = {http://dx.doi.org/10.1016/S0168-9002(03)01508-0}}

@techreport{Aprili:2002-proposal,
	Author = {P. Aprili and others},
	Institution = {CERN},
	Number = {CERN-SPSC-2002-027},
	Title = {The {{ICARUS}} experiment: A second-generation proton decay experiment and neutrino observatory at the Gran Sasso laboratory. Cloning of T600 modules to reach the design sensitive mass. (Addendum)},
	Type = {LNGS-EXP 13/89 add.2/01},
	Year = {2002}}

@article{Cline:2003-LANNDD,
	Author = {David B. Cline and John G. Learned and Kirk McDonald and Franco Sergiampietri},
	Doi = {http://dx.doi.org/10.1016/S0168-9002(03)00656-9},
	Issn = {0168-9002},
	Journal = {Nuclear Instruments and Methods in Physics Research Section A: Accelerators, Spectrometers, Detectors and Associated Equipment},
	Keywords = {Liquid argon},
	Note = {Proceedings of the 3rd International Workshop on Neutrino Factories based on Muon Storage Rings},
	Number = {1--2},
	Pages = {136 - 140},
	Title = {{LANNDD}--a massive liquid argon detector for proton decay, supernova and solar neutrino studies and a neutrino factory detector},
	Url = {http://www.sciencedirect.com/science/article/pii/S0168900203006569},
	Volume = {503},
	Year = {2003},
	Bdsk-Url-1 = {http://www.sciencedirect.com/science/article/pii/S0168900203006569},
	Bdsk-Url-2 = {http://dx.doi.org/10.1016/S0168-9002(03)00656-9}}

@article{Rubbia:2004-glacier,
	Archiveprefix = {arXiv},
	Author = {Rubbia, A.},
	Eprint = {hep-ph/0402110},
	Pages = {321-350},
	Primaryclass = {hep-ph},
	Slaccitation = {%%CITATION = HEP-PH/0402110;%%},
	Title = {{Experiments for CP violation: A Giant liquid argon scintillation, Cerenkov and charge imaging experiment?}},
	Year = {2004}}

@article{Rubbia:2009-glacier,
	Archiveprefix = {arXiv},
	Author = {Rubbia, A.},
	Doi = {10.1088/1742-6596/171/1/012020},
	Eprint = {0908.1286},
	Journal = {J.Phys.Conf.Ser.},
	Pages = {012020},
	Primaryclass = {hep-ph},
	Slaccitation = {%%CITATION = ARXIV:0908.1286;%%},
	Title = {{Underground Neutrino Detectors for Particle and Astroparticle Science: The Giant Liquid Argon Charge Imaging ExpeRiment (GLACIER)}},
	Volume = {171},
	Year = {2009},
	Bdsk-Url-1 = {http://dx.doi.org/10.1088/1742-6596/171/1/012020}}

@misc{LAGUNAcollab,
	Collaboration = {{LAGUNA}},
	Note = {http://laguna.ethz.ch/LAGUNA/Welcome.html}}

@techreport{Stahl:2012-LBNO,
	Address = {Geneva},
	Author = {Stahl, A and others},
	Institution = {CERN},
	Month = {Jun},
	Number = {CERN-SPSC-2012-021. SPSC-EOI-007},
	Title = {{Expression of Interest for a very long baseline neutrino oscillation experiment ({LBNO})}},
	Year = {2012}}

@article{Agarwalla:2013-LBNO,
	Archiveprefix = {arXiv},
	Author = {Agarwalla, S.K. and others},
	Doi = {10.1007/JHEP05(2014)094},
	Eprint = {1312.6520},
	Journal = {JHEP},
	Pages = {094},
	Primaryclass = {hep-ph},
	Slaccitation = {%%CITATION = ARXIV:1312.6520;%%},
	Title = {{The mass-hierarchy and CP-violation discovery reach of the LBNO long-baseline neutrino experiment}},
	Volume = {1405},
	Year = {2014},
	Bdsk-Url-1 = {http://dx.doi.org/10.1007/JHEP05(2014)094}}

@misc{WA105collab,
	Note = {http://laguna.ethz.ch:8080/Plone/wa105},
	Title = {{WA105}}}

@article{Adams:2013-LBNE,
	Archiveprefix = {arXiv},
	Author = {Adams, C. and others},
	Eprint = {1307.7335},
	Primaryclass = {hep-ex},
	Reportnumber = {BNL-101354-2013-JA, BNL-101354-2014-JA, FERMILAB-PUB-14-022, LA-UR-14-20881},
	Slaccitation = {%%CITATION = ARXIV:1307.7335;%%},
	Title = {{The Long-Baseline Neutrino Experiment: Exploring Fundamental Symmetries of the Universe}},
	Year = {2013}}

@article{Ereditato:2005,
	Archiveprefix = {arXiv},
	Author = {Ereditato, A. and Rubbia, A.},
	Doi = {10.1016/j.nuclphysbps.2004.11.236},
	Eprint = {hep-ph/0409143},
	Journal = {Nucl.Phys.Proc.Suppl.},
	Pages = {301-310},
	Primaryclass = {hep-ph},
	Slaccitation = {%%CITATION = HEP-PH/0409143;%%},
	Title = {{Ideas for future liquid argon detectors}},
	Volume = {139},
	Year = {2005},
	Bdsk-Url-1 = {http://dx.doi.org/10.1016/j.nuclphysbps.2004.11.236}}

@article{Ereditato:2006,
	Archiveprefix = {arXiv},
	Author = {Ereditato, A. and Rubbia, A.},
	Doi = {10.1016/j.nuclphysbps.2006.01.050},
	Eprint = {hep-ph/0509022},
	Journal = {Nucl.Phys.Proc.Suppl.},
	Pages = {163-178},
	Primaryclass = {hep-ph},
	Slaccitation = {%%CITATION = HEP-PH/0509022;%%},
	Title = {{The Liquid Argon TPC: A Powerful detector for future neutrino experiments and proton decay searches}},
	Volume = {154},
	Year = {2006},
	Bdsk-Url-1 = {http://dx.doi.org/10.1016/j.nuclphysbps.2006.01.050}}

@article{Rossi:2009-UVlaser,
	Archiveprefix = {arXiv},
	Author = {Rossi, B. and others},
	Doi = {10.1088/1748-0221/4/07/P07011},
	Eprint = {0906.3437},
	Journal = {JINST},
	Pages = {P07011},
	Primaryclass = {physics.ins-det},
	Slaccitation = {%%CITATION = ARXIV:0906.3437;%%},
	Title = {{A Prototype liquid Argon Time Projection Chamber for the study of UV laser multi-photonic ionization}},
	Volume = {4},
	Year = {2009},
	Bdsk-Url-1 = {http://dx.doi.org/10.1088/1748-0221/4/07/P07011}}

@article{Badhrees:2012-argontube,
	Author = {Badhrees, I. and others},
	Doi = {10.1088/1748-0221/7/02/C02011},
	Journal = {JINST},
	Pages = {C02011},
	Slaccitation = {%%CITATION = JINST,7,C02011;%%},
	Title = {{Argontube: An R\&D Liquid Argon Time Projection Chamber}},
	Volume = {7},
	Year = {2012},
	Bdsk-Url-1 = {http://dx.doi.org/10.1088/1748-0221/7/02/C02011}}

@article{Ereditato:2013-argontube,
	Archiveprefix = {arXiv},
	Author = {Ereditato, A. and others},
	Doi = {10.1088/1748-0221/8/07/P07002},
	Eprint = {1304.6961},
	Journal = {JINST},
	Pages = {P07002},
	Primaryclass = {physics.ins-det},
	Slaccitation = {%%CITATION = ARXIV:1304.6961;%%},
	Title = {{Design and operation of ARGONTUBE: a 5~m long drift liquid argon TPC}},
	Volume = {8},
	Year = {2013},
	Bdsk-Url-1 = {http://dx.doi.org/10.1088/1748-0221/8/07/P07002}}

@article{Zeller:2013-argontube,
	Author = {Zeller, M. and others},
	Doi = {10.1016/j.nima.2012.11.181},
	Journal = {Nucl.Instrum.Meth.},
	Pages = {454-458},
	Slaccitation = {%%CITATION = NUIMA,A718,454;%%},
	Title = {{First measurements with ARGONTUBE, a 5m long drift Liquid Argon TPC}},
	Volume = {A718},
	Year = {2013},
	Bdsk-Url-1 = {http://dx.doi.org/10.1016/j.nima.2012.11.181}}

@article{Horikawa:2010-ethz,
	Archiveprefix = {arXiv},
	Author = {Horikawa, S. and others},
	Doi = {10.1088/1742-6596/308/1/012027},
	Eprint = {1009.4908},
	Journal = {J.Phys.Conf.Ser.},
	Pages = {012027},
	Primaryclass = {physics.ins-det},
	Slaccitation = {%%CITATION = ARXIV:1009.4908;%%},
	Title = {{Feasibility of high-voltage systems for a very long drift in liquid argon TPCs}},
	Volume = {308},
	Year = {2011},
	Bdsk-Url-1 = {http://dx.doi.org/10.1088/1742-6596/308/1/012027}}

@article{Badertscher:2011-ethz,
	Author = {A. Badertscher and others},
	Doi = {http://dx.doi.org/10.1016/j.nima.2011.02.100},
	Issn = {0168-9002},
	Journal = {Nuclear Instruments and Methods in Physics Research Section A: Accelerators, Spectrometers, Detectors and Associated Equipment},
	Keywords = {Gaseous detector},
	Number = {1},
	Pages = {48 - 57},
	Title = {First operation of a double phase {LAr} Large Electron Multiplier Time Projection Chamber with a 2D projective readout anode},
	Url = {http://www.sciencedirect.com/science/article/pii/S0168900211005031},
	Volume = {641},
	Year = {2011},
	Bdsk-Url-1 = {http://www.sciencedirect.com/science/article/pii/S0168900211005031},
	Bdsk-Url-2 = {http://dx.doi.org/10.1016/j.nima.2011.02.100}}

@article{Badertscher:2012-ethz,
	Archiveprefix = {arXiv},
	Author = {Badertscher, A. and others},
	Doi = {10.1088/1748-0221/7/08/P08026},
	Eprint = {1204.3530},
	Journal = {JINST},
	Pages = {P08026},
	Primaryclass = {physics.ins-det},
	Slaccitation = {%%CITATION = ARXIV:1204.3530;%%},
	Title = {{First operation and drift field performance of a large area double phase LAr Electron Multiplier Time Projection Chamber with an immersed Greinacher high-voltage multiplier}},
	Volume = {7},
	Year = {2012},
	Bdsk-Url-1 = {http://dx.doi.org/10.1088/1748-0221/7/08/P08026}}

@article{Cantini:2013-ethz,
	Archiveprefix = {arXiv},
	Author = {Cantini, C. and others},
	Doi = {10.1088/1748-0221/9/03/P03017},
	Eprint = {1312.6487},
	Journal = {JINST},
	Pages = {P03017},
	Primaryclass = {physics.ins-det},
	Slaccitation = {%%CITATION = ARXIV:1312.6487;%%},
	Title = {{Long-term operation of a double phase LAr LEM Time Projection Chamber with a simplified anode and extraction-grid design}},
	Volume = {9},
	Year = {2014},
	Bdsk-Url-1 = {http://dx.doi.org/10.1088/1748-0221/9/03/P03017}}

@article{Baller:2014-USlarrd,
	Archiveprefix = {arXiv},
	Author = {B. Baller and others},
	Doi = {10.1088/1748-0221/9/05/T05005},
	Eprint = {1307.8166},
	Journal = {JINST},
	Pages = {T05005},
	Primaryclass = {physics.ins-det},
	Reportnumber = {FERMILAB-CONF-13-257-E},
	Slaccitation = {%%CITATION = ARXIV:1307.8166;%%},
	Title = {{Liquid Argon Time Projection Chamber Research and Development in the United States}},
	Volume = {9},
	Year = {2013},
	Bdsk-Url-1 = {http://dx.doi.org/10.1088/1748-0221/9/05/T05005}}

@article{Anderson:2012-argoneut,
	Archiveprefix = {arXiv},
	Author = {Anderson, C. and others},
	Doi = {10.1088/1748-0221/7/10/P10019},
	Eprint = {1205.6747},
	Journal = {JINST},
	Pages = {P10019},
	Primaryclass = {physics.ins-det},
	Reportnumber = {FERMILAB-PUB-12-877-PPD},
	Slaccitation = {%%CITATION = ARXIV:1205.6747;%%},
	Title = {{The ArgoNeuT Detector in the NuMI Low-Energy beam line at Fermilab}},
	Volume = {7},
	Year = {2012},
	Bdsk-Url-1 = {http://dx.doi.org/10.1088/1748-0221/7/10/P10019}}

@article{Acciarri:2013-argoneut-recomb,
	Archiveprefix = {arXiv},
	Author = {Acciarri, R. and others},
	Doi = {10.1088/1748-0221/8/08/P08005},
	Eprint = {1306.1712},
	Journal = {JINST},
	Pages = {P08005},
	Primaryclass = {physics.ins-det},
	Reportnumber = {FERMILAB-PUB-13-184-E},
	Slaccitation = {%%CITATION = ARXIV:1306.1712;%%},
	Title = {{A study of electron recombination using highly ionizing particles in the ArgoNeuT Liquid Argon TPC}},
	Volume = {8},
	Year = {2013},
	Bdsk-Url-1 = {http://dx.doi.org/10.1088/1748-0221/8/08/P08005}}

@article{Anderson:2012-argoneut-CCincl,
	Archiveprefix = {arXiv},
	Author = {Anderson, C. and others},
	Doi = {10.1103/PhysRevLett.108.161802},
	Eprint = {1111.0103},
	Journal = {Phys.Rev.Lett.},
	Pages = {161802},
	Primaryclass = {hep-ex},
	Reportnumber = {FERMILAB-PUB-11-591-PPD},
	Slaccitation = {%%CITATION = ARXIV:1111.0103;%%},
	Title = {{First Measurements of Inclusive Muon Neutrino Charged Current Differential Cross Sections on Argon}},
	Volume = {108},
	Year = {2012},
	Bdsk-Url-1 = {http://dx.doi.org/10.1103/PhysRevLett.108.161802}}

@article{Acciarri:2014-argoneut-CCxsec,
	Archiveprefix = {arXiv},
	Author = {Acciarri, R. and others},
	Doi = {10.1103/PhysRevD.89.112003},
	Eprint = {1404.4809},
	Journal = {Phys.Rev.},
	Pages = {112003},
	Primaryclass = {hep-ex},
	Reportnumber = {FERMILAB-PUB-14-104-E},
	Slaccitation = {%%CITATION = ARXIV:1404.4809;%%},
	Title = {{Measurements of Inclusive Muon Neutrino and Antineutrino Charged Current Differential Cross Sections on Argon in the NuMI Antineutrino Beam}},
	Volume = {D89},
	Year = {2014},
	Bdsk-Url-1 = {http://dx.doi.org/10.1103/PhysRevD.89.112003}}

@article{Acciarri:2014-argoneut-CCcohpi,
	Archiveprefix = {arXiv},
	Author = {Acciarri, R. and others},
	Eprint = {1408.0598},
	Primaryclass = {hep-ex},
	Reportnumber = {FERMILAB-PUB-14-258-E},
	Slaccitation = {%%CITATION = ARXIV:1408.0598;%%},
	Title = {{First Measurement of Neutrino and Antineutrino Coherent Charged Pion Production on Argon}},
	Year = {2014}}

@article{Cavanna:2014-lariat,
	Archiveprefix = {arXiv},
	Author = {R. Acciarri and others},
	Eprint = {1406.5560},
	Primaryclass = {physics.ins-det},
	Reportnumber = {FERMILAB-PUB-14-268-E},
	Slaccitation = {%%CITATION = ARXIV:1406.5560;%%},
	Title = {{LArIAT: Liquid Argon In A Testbeam}},
	Year = {2014}}

@article{Szelc:2013-lariatlight,
	Author = {Szelc, A.M.},
	Doi = {10.1088/1748-0221/8/09/C09011},
	Journal = {JINST},
	Pages = {C09011},
	Slaccitation = {%%CITATION = JINST,8,C09011;%%},
	Title = {{The LArIAT light readout system}},
	Volume = {8},
	Year = {2013},
	Bdsk-Url-1 = {http://dx.doi.org/10.1088/1748-0221/8/09/C09011}}

@article{Adamowski:2014-LAPD,
	Archiveprefix = {arXiv},
	Author = {Adamowski, M. and others},
	Doi = {10.1088/1748-0221/9/07/P07005},
	Eprint = {1403.7236},
	Journal = {JINST},
	Pages = {P07005},
	Primaryclass = {physics.ins-det},
	Reportnumber = {FERMILAB-PUB-14-059-E},
	Slaccitation = {%%CITATION = ARXIV:1403.7236;%%},
	Title = {{The Liquid Argon Purity Demonstrator}},
	Volume = {9},
	Year = {2014},
	Bdsk-Url-1 = {http://dx.doi.org/10.1088/1748-0221/9/07/P07005}}

@article{Rebel:2011-MTS,
	Author = {Rebel, B. and others},
	Doi = {10.1088/1742-6596/308/1/012023},
	Journal = {J.Phys.Conf.Ser.},
	Pages = {012023},
	Reportnumber = {FERMILAB-CONF-10-692-PPD},
	Slaccitation = {%%CITATION = 00462,308,012023;%%},
	Title = {{Results from the Fermilab materials test stand and status of the liquid argon purity demonstrator}},
	Volume = {308},
	Year = {2011},
	Bdsk-Url-1 = {http://dx.doi.org/10.1088/1742-6596/308/1/012023}}

@article{Montanari:2013-35ton,
	Author = {Montanari, David and others},
	Reportnumber = {FERMILAB-CONF-13-076-PPD},
	Slaccitation = {%%CITATION = FERMILAB-CONF-13-076-PPD ETC.;%%},
	Title = {{First scientific application of the membrane cryostat technology.}},
	Year = {2013}}

@article{P5:2014,
	Author = {Ritz, Steve and others},
	Collaboration = {HEPAP Subcommittee},
	Slaccitation = {%%CITATION = INSPIRE-1299183;%%},
	Title = {{Building for Discovery: Strategic Plan for U.S. Particle Physics in the Global Context}},
	Year = {2014}}

@article{Aguilar-Arevalo:2013,
	Archiveprefix = {arXiv},
	Author = {Aguilar-Arevalo, A.A. and others},
	Doi = {10.1103/PhysRevLett.110.161801},
	Eprint = {1207.4809},
	Journal = {Phys.Rev.Lett.},
	Pages = {161801},
	Primaryclass = {hep-ex},
	Reportnumber = {LA-UR-13-21523, FERMILAB-PUB-13-066-AD-E-PPD, arXiv:1303.2588},
	Slaccitation = {%%CITATION = ARXIV:1207.4809;%%},
	Title = {{Improved Search for $\bar \nu_\mu \rightarrow \bar \nu_e$ Oscillations in the MiniBooNE Experiment}},
	Volume = {110},
	Year = {2013},
	Bdsk-Url-1 = {http://dx.doi.org/10.1103/PhysRevLett.110.161801}}

@techreport{Chen:2007-uBproposal,
	Author = {Chen, H. and others},
	Institution = {Fermilab},
	Number = {FERMILAB-PROPOSAL-0974},
	Title = {{Proposal for a New Experiment Using the Booster and NuMI Neutrino Beamlines: MicroBooNE}},
	Year = {2007}}

@article{Chen:2008-uBaddendum,
	Author = {Chen, H. and others},
	Note = {http://www-microboone.fnal.gov/public/MicroBooNEAddendum\_030308.pdf},
	Title = {{MicroBooNE Proposal Addendum}},
	Year = {2008}}

@article{Adams:2013-lar1nd,
	Archiveprefix = {arXiv},
	Author = {Adams, C. and others},
	Eprint = {1309.7987},
	Primaryclass = {physics.ins-det},
	Slaccitation = {%%CITATION = ARXIV:1309.7987;%%},
	Title = {{LAr1-ND: Testing Neutrino Anomalies with Multiple LArTPC Detectors at Fermilab}},
	Year = {2013}}

@article{Antonello:2013-icarusUSA,
	Archiveprefix = {arXiv},
	Author = {Antonello, M. and others},
	Eprint = {1312.7252},
	Primaryclass = {physics.ins-det},
	Reportnumber = {FERMILAB-PROPOSAL-1052},
	Slaccitation = {%%CITATION = ARXIV:1312.7252;%%},
	Title = {{ICARUS at FNAL}},
	Year = {2013}}

@article{Marchionni:2013,
	Archiveprefix = {arXiv},
	Author = {Marchionni, Alberto},
	Doi = {10.1146/annurev.nucl.012809.104445},
	Eprint = {1307.6918},
	Journal = {Ann.Rev.Nucl.Part.Sci.},
	Pages = {269-290},
	Primaryclass = {physics.ins-det},
	Reportnumber = {FERMILAB-PUB-13-141-PPD},
	Slaccitation = {%%CITATION = ARXIV:1307.6918;%%},
	Title = {{Status and New Ideas Regarding Liquid Argon Detectors}},
	Volume = {63},
	Year = {2013},
	Bdsk-Url-1 = {http://dx.doi.org/10.1146/annurev.nucl.012809.104445}}

@article{AguilarArevalo:2008-MBflux,
	Archiveprefix = {arXiv},
	Author = {Aguilar-Arevalo, A.A. and others},
	Collaboration = {MiniBooNE},
	Doi = {10.1103/PhysRevD.79.072002},
	Eprint = {0806.1449},
	Journal = {Phys.Rev.},
	Pages = {072002},
	Primaryclass = {hep-ex},
	Reportnumber = {FERMILAB-PUB-08-161-AD-E},
	Slaccitation = {%%CITATION = ARXIV:0806.1449;%%},
	Title = {{The Neutrino Flux prediction at MiniBooNE}},
	Volume = {D79},
	Year = {2009},
	Bdsk-Url-1 = {http://dx.doi.org/10.1103/PhysRevD.79.072002}}

@unpublished{LexanThermoclear,
	Author = {{Sundance Supply}},
	Date-Added = {2014-09-13 18:55:42 +0000},
	Date-Modified = {2014-09-14 16:13:31 +0000},
	Note = {{https://www.sundancesupply.com/Lexan.pdf}},
	Title = {{Lexan Thermoclear Multiwall Polycarbonate Sheet}}}

@article{Birks:1959,
	Author = {J. B. Birks and K. N. Kuchela},
	Date-Added = {2014-09-13 17:17:08 +0000},
	Date-Modified = {2014-09-13 19:01:35 +0000},
	Journal = {Disc. Faraday. Soc},
	Pages = {57-63},
	Title = {Energy transfer in fluorescent plastic solutions},
	Volume = {27},
	Year = {1959}}

@article{Birks:1961,
	Author = {J B Birks and K N Kuchela},
	Date-Added = {2014-09-13 17:13:49 +0000},
	Date-Modified = {2014-09-13 17:14:37 +0000},
	Journal = {Proc. Phys.Soc},
	Pages = {1083},
	Title = {Energy Transfer in Organic Systems II: Solute-Solute Transfer in Liquid Solutions},
	Volume = {77},
	Year = {1961}}

@unpublished{Liu:1997,
	Author = {L.I. Liu},
	Date-Added = {2014-09-13 17:08:39 +0000},
	Date-Modified = {2014-09-13 17:11:15 +0000},
	Note = {{PhD Thesis at Texas Tech Univeristy - http://repositories.tdl.org/ttu-ir/bitstream/handle/2346/13744/31295012500558.pdf?sequence=1}},
	Title = {Time Resolved Fluoresence Studies Of Dye-Polymers as Excited by Laser and Beta Radiation}}

@article{Hanagodimath:2008,
	Author = {S.M. Hanagodimath and B. Siddlingeshwar and J. Thipperudrappa and S. Kumar and B. Hadimani},
	Date-Added = {2014-09-13 17:03:18 +0000},
	Date-Modified = {2014-09-13 17:05:30 +0000},
	Journal = {J. Lumin},
	Number = {4},
	Pages = {335-339},
	Title = {Fluorescence-quenching studies and temperature dependence of fluorescence quantum yield, decay time and intersystem crossing activation energy of TPB},
	Volume = {129},
	Year = {2008}}

@article{Burton:1973,
	Author = {W.M. Burton and B.A. Powell},
	Date-Added = {2014-09-13 17:00:05 +0000},
	Date-Modified = {2014-09-13 17:01:10 +0000},
	Journal = {Appl Opt.},
	Number = {1},
	Pages = {87-9},
	Title = {Fluorescence of tetraphenyl-butadiene in the vacuum ultraviolet.},
	Volume = {12},
	Year = {1973}}

@unpublished{Ignarra:2014-thesis,
	Author = {C.M. Ignarra},
	Date-Added = {2014-09-13 16:53:42 +0000},
	Date-Modified = {2014-09-13 16:57:51 +0000},
	Note = {PhD Thesis - I would like a URL for this},
	Title = {{Sterile Neutrino Searches in MiniBooNE and MicroBooNE}}}

@unpublished{Hamamatsu-Datasheet2inch,
	Author = {{Hamamatsu}},
	Date-Added = {2014-09-13 16:52:17 +0000},
	Date-Modified = {2014-09-13 18:59:41 +0000},
	Note = {{http://www.hamamatsu.com/resources/pdf/etd/R7723\_TPMH1315E01.pdf}},
	Title = {Photomultipler Tube R7723, R7724, R7725}}

@unpublished{Hamamatsu-Datasheet8inch,
	Author = {{Hamamatsu}},
	Date-Added = {2014-09-13 16:50:19 +0000},
	Date-Modified = {2014-09-13 18:59:32 +0000},
	Note = {{Specification for R5912 and R5912-02 photomultiplier tubes: http://www.hamamatsu.com/resources/pdf/etd/LARGE\_AREA\_PMT\_TPMH1286E05.pdf}},
	Title = {Large Area Photomultipier Tubes}}

@article{Chiu:2012,
	Archiveprefix = {arXiv},
	Author = {Chiu, C.S. and Ignarra, C. and Bugel, L. and Chen, H. and Conrad, J.M. and others},
	Date-Added = {2014-09-13 16:48:46 +0000},
	Date-Modified = {2014-09-13 16:48:46 +0000},
	Doi = {10.1088/1748-0221/7/07/P07007},
	Eprint = {1204.5762},
	Journal = {JINST},
	Pages = {P07007},
	Primaryclass = {physics.ins-det},
	Slaccitation = {%%CITATION = ARXIV:1204.5762;%%},
	Title = {{Environmental Effects on TPB Wavelength-Shifting Coatings}},
	Volume = {7},
	Year = {2012},
	Bdsk-Url-1 = {http://dx.doi.org/10.1088/1748-0221/7/07/P07007}}

@article{Francini:2013-jinst,
	Author = {Francini, R. and Montereali, R.M. and Nichelatti, E. and Vincenti, M.A. and Canci, N. and others},
	Date-Added = {2014-09-13 16:48:10 +0000},
	Date-Modified = {2014-09-13 20:02:37 +0000},
	Doi = {doi:10.1088/1748-0221/8/09/P09006},
	Journal = {JINST},
	Pages = {P09006},
	Title = {{VUV-Vis optical characterization of Tetraphenyl-butadiene films on glass and specular reflector substrates from room to liquid Argon temperature}},
	Volume = {8},
	Year = {2013},
	Bdsk-Url-1 = {http://dx.doi.org/10.1088/1748-0221/8/09/C09010}}

@article{Gehman:2011,
	Archiveprefix = {arXiv},
	Author = {Gehman, V.M. and Seibert, S.R. and Rielage, K. and Hime, A. and Sun, Y. and others},
	Date-Added = {2014-09-13 16:47:46 +0000},
	Date-Modified = {2014-09-13 16:47:46 +0000},
	Doi = {10.1016/j.nima.2011.06.088},
	Eprint = {1104.3259},
	Journal = {Nucl.Instrum.Meth.},
	Pages = {116-121},
	Primaryclass = {astro-ph.IM},
	Slaccitation = {%%CITATION = ARXIV:1104.3259;%%},
	Title = {{Fluorescence Efficiency and Visible Re-emission Spectrum of Tetraphenyl Butadiene Films at Extreme Ultraviolet Wavelengths}},
	Volume = {A654},
	Year = {2011},
	Bdsk-Url-1 = {http://dx.doi.org/10.1016/j.nima.2011.06.088}}

@article{Jones:2013,
	Archiveprefix = {arXiv},
	Author = {Jones, B. J. P.},
	Date-Added = {2014-09-13 16:47:03 +0000},
	Date-Modified = {2014-09-13 18:45:55 +0000},
	Doi = {10.1088/1748-0221/8/10/C10015},
	Eprint = {1307.6906},
	Journal = {JINST},
	Pages = {C10015},
	Slaccitation = {%%CITATION = ARXIV:1307.6906;%%},
	Title = {{A simulation of the optical attenuation of TPB coated light-guide detectors}},
	Volume = {8},
	Year = {2013},
	Bdsk-Url-1 = {http://dx.doi.org/10.1088/1748-0221/8/10/C10015}}

@article{Baptista:2012,
	Archiveprefix = {arXiv},
	Author = {Baptista, B. and Bugel, L. and Chiu, C. and Conrad, J.M. and Ignarra, C.M. and others},
	Date-Added = {2014-09-13 16:46:23 +0000},
	Date-Modified = {2014-09-13 16:46:23 +0000},
	Eprint = {1210.3793},
	Primaryclass = {physics.ins-det},
	Slaccitation = {%%CITATION = ARXIV:1210.3793;%%},
	Title = {{Benchmarking TPB-coated Light Guides for Liquid Argon TPC Light Detection Systems}},
	Year = {2012}}

@article{Jones:2012,
	Archiveprefix = {arXiv},
	Author = {Jones, B. J. P. and VanGemert, J. K. and Conrad, J. M. and Pla-Dalmau, A.},
	Date-Added = {2014-09-13 16:45:47 +0000},
	Date-Modified = {2014-09-13 16:45:47 +0000},
	Doi = {10.1088/1748-0221/8/01/P01013},
	Eprint = {1211.7150},
	Journal = {JINST},
	Pages = {P01013},
	Primaryclass = {physics.ins-det},
	Slaccitation = {%%CITATION = ARXIV:1211.7150;%%},
	Title = {{Photodegradation Mechanisms of Tetraphenyl Butadiene Coatings for Liquid Argon Detectors}},
	Volume = {8},
	Year = {2013},
	Bdsk-Url-1 = {http://dx.doi.org/10.1088/1748-0221/8/01/P01013}}

@misc{barber-nichols,
	Note = {Barber-Nichols Inc., 6325 West 55th Avenue, Arvada, CO 80002 USA.}}

@misc{emerson,
	Note = {Micro Motion, Inc., 7070 Winchester Circle, Boulder, CO 80301 USA.}}

@misc{sigma-aldrich,
	Note = {Sigma-Aldrich, P.O. Box 14508, St. Louis, MO 63178 USA.}}

@misc{basf,
	Note = {BASF Corp., 100 Park Avenue, Florham Park, NJ 07932 USA.}}

@misc{aspen-aerogels,
	Note = {Aspen Aerogels, Inc., 30 Forbes Road, Building B, Northborough, MA 01532 USA.}}

@article{Carugno:1990-purityMonitor,
	Author = {G. Carugno and others},
	Journal = {Nuclear Instruments and Methods in Physics Research Section A: Accelerators, Spectrometers, Detectors and Associated Equipment},
	Pages = {580},
	Title = {Electron Lifetime Detector for Liquid Argon},
	Volume = {292},
	Year = {1990}}

@misc{EPICS,
	Note = {http://www.aps.anl.gov/epics/},
	Title = {Experimental Physics and Industrial Control System}}

@misc{ControlSystemStudio,
	Note = {http://controlsystemstudio.org/; developer's manual: http://cs-studio.sourceforge.net/docbook/},
	Title = {Control System Studio}}

@manual{EPICS_CAP_Manual,
	Author = {J.O. Hill},
	Day = {5},
	Month = {September},
	Note = {http://www.aps.anl.gov/epics/base/R3-14/12-docs/CAref.html},
	Title = {Channel Access Reference Manual},
	Year = {2014}}

@misc{EPICS_CAP_Spec,
	Day = {5},
	Month = {September},
	Note = {http://www.aps.anl.gov/epics/docs/ca.php},
	Title = {Channel Access Protocol Specification},
	Year = {2014}}

@misc{NetSNMP,
	Note = {http://www.net-snmp.org},
	Title = {Net-SNMP}}

@misc{devSNMP,
	Author = {J. Priller},
	Day = {7},
	Month = {April},
	Note = {https://groups.nscl.msu.edu/controls/},
	Title = {EPICS SNMP Device Support Module: Release 1.0.0},
	Year = {2014}}

@misc{asynDriver,
	Author = {M. Rivers},
	Day = {5},
	Month = {September},
	Note = {http://www.aps.anl.gov/epics/modules/soft/asyn/},
	Title = {asynDriver: Asynchronous Driver Support},
	Year = {2014}}

@misc{StreamDevice,
	Author = {D. Zimoch},
	Day = {5},
	Month = {September},
	Note = {http://epics.web.psi.ch/software/streamdevice/doc/},
	Title = {EPICS StreamDevice},
	Year = {2014}}

@misc{GlomationInc,
	Day = {20},
	Month = {June},
	Note = {http://www.glomationinc.com/GESBC-9G20-user-manual.pdf},
	Title = {Glomation, Inc., GESBC-9G20 User's Manual, version 0.2},
	Year = {2009}}

@misc{HuffmanFanInterfacePage,
	Author = {D. Huffman},
	Day = {5},
	Month = {September},
	Note = {http://www-ppd.fnal.gov/EEDOffice-W/Infrastructure\_group/Huffman/WEB/uboone/pia.html},
	Title = {Peripheral Interface: Fan and Temperature Probe},
	Year = {2014}}

@book{GangliaBook,
	Author = {M. Massie and others},
	Publisher = {O'Reilly Media},
	Title = {Monitoring with Ganglia: Tracking Dynamic Host and Application Metrics at Scale},
	Year = {2012}}

@misc{GangliaHomePage,
	Day = {5},
	Month = {September},
	Note = {http://ganglia.info/},
	Title = {Ganglia},
	Year = {2014}}

@misc{PyEPICS,
	Author = {M. Newville},
	Day = {5},
	Month = {September},
	Note = {http://cars9.uchicago.edu/software/python/pyepics3/},
	Title = {PyEpics: Epics Channel Access for Python},
	Year = {2014}}

@misc{FreeIPMI,
	Day = {5},
	Month = {September},
	Note = {http://www.gnu.org/software/freeipmi/},
	Title = {GNU FreeIPMI},
	Year = {2014}}

@misc{IFBeamDB,
	Author = {I. Mandrichenko and A. Norman and A. Petrov and V. Podstavkov},
	Day = {22},
	Month = {June},
	Note = {http://cd-docdb.fnal.gov/cgi-bin/ShowDocument?docid=4781},
	Title = {Implementation of Beam Conditions Database for Intensity Frontier Experiments},
	Year = {2012}}

@article{Badhrees:2010,
	Archiveprefix = {arXiv},
	Author = {Badhrees, I. and others},
	Doi = {10.1088/1367-2630/12/11/113024},
	Eprint = {1011.6001},
	Journal = {New J.Phys.},
	Pages = {113024},
	Primaryclass = {physics.ins-det},
	Slaccitation = {%%CITATION = ARXIV:1011.6001;%%},
	Title = {{Measurement of the two-photon absorption cross-section of liquid argon with a time projection chamber}},
	Volume = {12},
	Year = {2010},
	Bdsk-Url-1 = {http://dx.doi.org/10.1088/1367-2630/12/11/113024}}

@article{Ereditato:2014-argontubedrift,
	Archiveprefix = {arXiv},
	Author = {Ereditato, A. and others},
	Eprint = {1408.6635},
	Primaryclass = {physics.ins-det},
	Slaccitation = {%%CITATION = ARXIV:1408.6635;%%},
	Title = {{Measurement of the drift field in the ARGONTUBE LAr TPC with 266~nm pulsed laser beams}},
	Year = {2014}}

@article{Ereditato:2014-laser,
	Archiveprefix = {arXiv},
	Author = {Ereditato, A. and others},
	Eprint = {1406.6400},
	Primaryclass = {physics.ins-det},
	Slaccitation = {%%CITATION = ARXIV:1406.6400;%%},
	Title = {{A steerable UV laser system for the calibration of liquid argon time projection chambers}},
	Year = {2014}}

@article{MTS2011,
	Author = {Rebel, B. and others},
	Journal = {J. Phys.: Conf. Ser.},
	Number = {1},
	Pages = {012023},
	Title = {"Results from the Fermilab Materials Test Stand and Status of the Liquid Argon Purity Demonstrator"},
	Url = {http://iopscience.iop.org/1742-6596/308/1/012023/},
	Volume = {308},
	Year = {2011},
	Bdsk-Url-1 = {http://iopscience.iop.org/1742-6596/308/1/012023/}}

@article{simplegreen,
	Note = {http://simplegreen.com/pdfs/MSDS\_EN-US\_AllPurposeCleaner.pdf},
	Title = {{Simple Green detergent}}}

@article{citranox,
	Note = {http://www.alconox.com/resources/StandardDocuments/MSDS/msds\_citranox\_english\_ghs.pdf},
	Title = {{Citranox acid detergent}}}
	
	@article{lasertest,
  author={A. Ereditato and I. Kreslo and M. Lüthi and C. Rudolf von Rohr and M. Schenk and T. Strauss and M. Weber and M. Zeller},
  title={A steerable UV laser system for the calibration of liquid argon time projection chambers},
  journal={Journal of Instrumentation},
  volume={9},
  number={11},
  pages={T11007},
  url={http://stacks.iop.org/1748-0221/9/i=11/a=T11007},
  year={2014},
}

@article{BernLaser,
  author={I Badhrees and A Ereditato and I Kreslo and M Messina and U Moser and B Rossi and M S Weber and M Zeller and C Altucci and S Amoruso and R
Bruzzese and R Velotta},
  title={Measurement of the two-photon absorption cross-section of liquid argon with a time projection chamber},
  journal={New Journal of Physics},
  volume={12},
  number={11},
  pages={113024},
  url={http://stacks.iop.org/1367-2630/12/i=11/a=113024},
  year={2010},
}
	
